<?xml version="1.0" encoding="UTF-8"?>
<Document xmlns="urn:iso:std:iso:20022:tech:xsd:pain.008.001.02" xmlns:xsi="http://www.w3.org/2001/XMLSchema-instance" xmlns:schemaLocation="urn:iso:std:iso:20022:tech:xsd:pain.008.001.02.xsdpain.008.001.02">
  <CstmrDrctDbtInitn>
    <GrpHdr>
      <MsgId>AD1200012030200</MsgId>
      <CreDtTm>2017-08-07T14:48:06</CreDtTm>
      <NbOfTxs>1</NbOfTxs>
      <CtrlSum>523.0</CtrlSum>
      <InitgPty>
        <Nm>Project name</Nm>
      </InitgPty>
    </GrpHdr>
    <PmtInf>
      <PmtInfId>AD1200012030200</PmtInfId>
      <PmtMtd>DD</PmtMtd>
      <NbOfTxs>1</NbOfTxs>
      <CtrlSum>523.0</CtrlSum>
      <PmtTpInf>
        <SvcLvl>
          <Cd>SEPA</Cd>
        </SvcLvl>
        <LclInstrm>
          <Cd>CORE</Cd>
        </LclInstrm>
        <SeqTp>FRST</SeqTp>
      </PmtTpInf>
      <ReqdColltnDt>2017-08-07</ReqdColltnDt>
      <Cdtr>
        <Nm>Project name</Nm>
      </Cdtr>
      <CdtrAcct>
        <Id>
          <IBAN>AD12000120302003591001000000000001</IBAN>
        </Id>
      </CdtrAcct>
      <CdtrAgt>
        <FinInstnId>
          <BIC>MALADE51KAD</BIC>
        </FinInstnId>
      </CdtrAgt>
      <ChrgBr>SLEV</ChrgBr>
      <CdtrSchmeId>
        <Id>
          <PrvtId>
            <Othr>
              <Id>Musterfirma</Id>
              <SchmeNm>
                <Prtry>SEPA</Prtry>
              </SchmeNm>
            </Othr>
          </PrvtId>
        </Id>
      </CdtrSchmeId>
      <DrctDbtTxInf>
        <PmtId>
          <EndToEndId>NOTPROVIDED</EndToEndId>
        </PmtId>
        <InstdAmt Ccy="EUR">523.0</InstdAmt>
        <DrctDbtTx>
          <MndtRltdInf>
            <MndtId>1</MndtId>
            <DtOfSgntr>2017-08-07</DtOfSgntr>
          </MndtRltdInf>
        </DrctDbtTx>
        <DbtrAgt>
          <FinInstnId>
            <BIC>NOTPROVIDED</BIC>
          </FinInstnId>
        </DbtrAgt>
        <Dbtr>
          <Nm>mikel mikel</Nm>
        </Dbtr>
        <DbtrAcct>
          <Id>
            <IBAN>AD12000120302003591001000000000001</IBAN>
          </Id>
        </DbtrAcct>
        <RmtInf>
          <Ustrd>referenzNummer</Ustrd>
        </RmtInf>
      </DrctDbtTxInf>
    </PmtInf>
  </CstmrDrctDbtInitn>
</Document>