<?xml version="1.0" encoding="UTF-8"?>
<Document xmlns="urn:iso:std:iso:20022:tech:xsd:pain.008.003.02" xmlns:xsi="http://www.w3.org/2001/XMLSchema-instance" xmlns:schemaLocation="urn:iso:std:iso:20022:tech:xsd:pain.008.003.02 pain.008.003.02.xsd">
   <CstmrDrctDbtInitn>
       <GrpHdr>
           <MsgId>AD12000120302003591001000000000000</MsgId>
           <CreDtTm>2017-08-07T14:48:06</CreDtTm>
           <NbOfTxs>1</NbOfTxs>
           <InitgPty>
               <Nm>Musterfirma</Nm>
           </InitgPty>
       </GrpHdr>
       <PmtInf>
           <PmtInfId>AD12000120302003591001000000000001</PmtInfId>
           <PmtMtd>DD</PmtMtd>
           <NbOfTxs>1</NbOfTxs>
           <CtrlSum>99.99</CtrlSum>
           <PmtTpInf>
               <SvcLvl>
                   <Cd>SEPA</Cd>
               </SvcLvl>
               <LclInstrm>
                   <Cd>Core</Cd>
               </LclInstrm>
               <SeqTp>FRST</SeqTp>
           </PmtTpInf>
           <ReqdColltnDt>2017-08-07</ReqdColltnDt>
           <Cdtr>
               <Nm>Musterfirma</Nm>
           </Cdtr>
           <CdtrAcct>
               <Id>
                   <IBAN>AD12000120302003591001000000000001</IBAN>
               </Id>
           </CdtrAcct>
           <CdtrAgt>
               <FinInstnId>
                   <BIC>BFSWDE88KRL</BIC>
               </FinInstnId>
           </CdtrAgt>
           <ChrgBr>SLEV</ChrgBr>
           <CdtrSchmeId>
               <Id>
                   <PrvtId>
                       <Othr>
                           <Id>AD12000120302003591001000000000001</Id>
                           <SchmeNm>
                               <Prtry>SEPA</Prtry>
                           </SchmeNm>
                       </Othr>
                   </PrvtId>
               </Id>
           </CdtrSchmeId>
           <DrctDbtTxInf>
               <PmtId>
                   <EndToEndId>NOTPROVIDED</EndToEndId>
               </PmtId>
               <InstdAmt Ccy="EUR">99.99</InstdAmt>
               <DrctDbtTx>
                   <MndtRltdInf>
                       <MndtId>1</MndtId>
                       <DtOfSgntr>2017-08-07</DtOfSgntr>
                   </MndtRltdInf>
               </DrctDbtTx>
               <DbtrAgt>
                   <FinInstnId>
                       <Othr><Id>NOTPROVIDED</Id></Othr>
                   </FinInstnId>
               </DbtrAgt>
               <Dbtr>
                   <Nm>Musterfrau, Birgit</Nm>
               </Dbtr>
               <DbtrAcct>
                   <Id>
                       <IBAN>AD12000120302003591001000000000001</IBAN>
                   </Id>
               </DbtrAcct>
               <RmtInf>
                   <Ustrd>Text auf Kontoauszug Musterfrau</Ustrd>
               </RmtInf>
           </DrctDbtTxInf>
        </PmtInf>
       </CstmrDrctDbtInitn>
</Document>
